@book{QUANTUMB,
  author = {Al-Khalili, Jim and Johnjoe McFadden},
  publisher = {Libri},
  title = {Az élet kódja},
  year = 2015
}

@article{BN18,
  author = {Bátfai, Norbert},
  journal = {Információs Társadalom},
  number = 2,
  pages = {28--40},
  title = {A játékok és a mesterséges intelligencia mint a kultúra jövője – egy kísérlet a szubjektivitás elméletének kialakítására},
  volume = 18,
  url={http://real.mtak.hu/82472/1/it_2018_2_2_batfai.pdf},
  year = 2018
}

@article{SMNIST,
  author    = {Norbert B{\'{a}}tfai and
               D{\'{a}}vid Papp and
               Gergo Bogacsovics and
               M{\'{a}}t{\'{e}} Szab{\'{o}} and
               Viktor Szil{\'{a}}rd Simk{\'{o}} and
               M{\'{a}}ri{\'{o}} Bersenszki and
               Gergely Szabo and
               Lajos Kov{\'{a}}cs and
               Ferencz Kov{\'{a}}cs and
               Erik Szilveszter Varga},
  title     = {On the notion of number in humans and machines},
  journal   = {CoRR},
  volume    = {abs/1906.12213},
  year      = {2019},
  url       = {http://arxiv.org/abs/1906.12213},
  eprint    = {1906.12213}
}

@article{Omega,
 author = {{Chaitin}, G.~J.},
 title = "{{Meta Math! The Quest for Omega}}",
 journal = {arXiv Mathematics e-prints},
 url       = {https://arxiv.org/abs/math/0404335},
 year      = {2004} 
}

@article{OFS,
 author = {Ditz, Helen M and Andreas Nieder},
 title = {Numerosity representations in crows obey the Weber-Fechner law},
 journal = {Proc. Biol. Sci.},
 volume = {283},
 number = {1827},
 pages = {1-9},
 year = {2016}
}

@book{Donald01,
  author = {Donald, Merlin},
  publisher = {Osiris Kiadó},
  title = { Az emberi gondolkodás eredete},
  year = 2001
}

@article{Havenstein05,
  author = {Havenstein, Heather},
  journal = {Computer World},
  title = {Spring comes to {AI} winter},
  year = 2005
}

@book{Lang15,
 author = {Láng, Benedek},
 title = {Titkosírás a kora újkori Magyarországon},
 publisher = {Balassi Kiadó},
 year = {2015}
} 

@book{Mero89,
 author = {Mér{\H o}, László},
 title = {A mesterséges intelligencia és a kognitív pszichológia kapcsolata},
 publisher = {Tankönyvkiadó},
 year = {1989}
} 

@article{ATARI,
  author = {Mnih, Volodymyr and Kavukcuoglu, Koray and Silver, David and Rusu, Andrei A. and Veness, Joel and Bellemare, Marc G. and Graves, Alex and Riedmiller, Martin and Fidjeland, Andreas K. and Ostrovski, Georg and Petersen, Stig and Beattie, Charles and Sadik, Amir and Antonoglou, Ioannis and King, Helen and Kumaran, Dharshan and Wierstra, Daan and Legg, Shane and Hassabis, Demis},
  journal = {Nature},
  number = 7540,
  pages = {529--533},
  title = {Human-level control through deep reinforcement learning},
  volume = 518,
  year = 2015
}

@book{Neumann72,
 author = {Neumann, János},
 title = {A számológép és az agy},
 publisher = {Gondolat},
 year = {1972}
} 

@incollection{Neumann03,
  author       = {Neumann, János}, 
  title        = {Az automaták általános és logikai elmélete},
  booktitle    = {Neumann János válogatott írásai},
  publisher    = {Typotex},
  year         = {2003}
}

@book{Penrose93,
 author = {Roger Penrose},
 title = {A császár új elméje},
 publisher = {Akadémiai Kiadó},
 year = {1993}
} 

@book{RusselNorvig10,
  author={Stuart Russell and Peter Norvig},
  edition = {Third},
  publisher = {Pearson Education},
  title = {Artificial Intelligence: A Modern Approach},
  year = {2010}
}

@incollection{Schrodinger70,
  author       = {Erwin Schrödinger}, 
  title        = {Mi az élet?},
  booktitle    = {Válogatott tanulmányok},
  publisher    = {Gondolat},
  year         = {1970}
}

@article{Shieber94,
  author = {Shieber, Stuart M.},
  title = {Lessons from a Restricted Turing Test},
  journal   = {CoRR},
  volume    = {abs/cmp-lg/9404002},
  url       = {http://arxiv.org/abs/cmp-lg/9404002},
  year = {1994}
}

@article{Sleutels06,
  author = {Sleutels, Jan},
  journal = {Philosophical Psychology},
  number = {2},
  pages = {177--197},
  title = {Greek zombies},
  volume = {19},
  year = {2006}
}

@book{Pinker06,
  author={Steven Pinker},
  publisher = {Typotex},
  title = {A nyelvi ösztön},
  year = {2006}
}

@article{Turing50,
  author = {Turing, A. M.},
  journal = {Mind},
  number = {236},
  pages = {433--460},
  title = {Computing Machinery and Intelligence},
  volume = {59},
  year = {1950}
}

@article{DCNNNUM,
  author    = {Xiaolin Wu and Xi Zhang and Xiao Shu},
  title     = {Cognitive Deficit of Deep Learning in Numerosity},
  journal   = {CoRR},
  volume    = {abs/1802.05160},
  url = {http://arxiv.org/abs/1802.05160},
  howpublished = {\url{https://arxiv.org/abs/1802.05160}},
  year = {2018}
}

