@unpublished{MITEL,
 author={Norbert B{\'a}tfai},
 title={Esport culture: a cognitive evolutionary interpretation of artificial intelligence
 (\textit{Esport kult\'ura: a mesters\'eges intelligencia kognit\'iv evol\'uci\'os \'ertelmez\'ese})},
 language={hungarian},
 note={{Unpublished Manuscript, Original paper in Hungarian} \url{https://gitlab.com/nbatfai/pasigraphy-rhapsody/blob/master/para/docs/para_prog_guide.pdf}},
 year={2019}
 }

@unpublished{VISPARA,
 author={Norbert B{\'a}tfai},
 title={Visualization of the Language of the Esports Culture: A Preliminary Study
 (\textit{Az esport kultúra nyelvének vizualizációja: egy el\H otanulmány})},
 language={hungarian},
 note={{Bilingual Hungarian and English documentation} \url{https://gitlab.com/nbatfai/pasigraphy-rhapsody/docs}},
 year={2019}
 }

@unpublished{CONPARA,
 author={Norbert B{\'a}tfai},
 title={Construction of the Language of the Esports Culture: A Preliminary Study
 (\textit{Az esport kultúra nyelvének megalkotása: egy el\H otanulmány})},
 language={hungarian},
 note={{Bilingual Hungarian and English documentation} \url{https://gitlab.com/nbatfai/pasigraphy-rhapsody/docs}},
 year={2019}
 }
@misc{PARAREPO,
  author = {Norbert B{\'a}tfai},
  title = {Pasigraphy Rhapsody},
  publisher = {GitLab},
  journal = {GitLab repository},
  howpublished = {\url{https://gitlab.com/nbatfai/pasigraphy-rhapsody}},
  year = {2019}
}

@article{SMNIST,
  author    = {Norbert B{\'{a}}tfai and
               D{\'{a}}vid Papp and
               Gergo Bogacsovics and
               M{\'{a}}t{\'{e}} Szab{\'{o}} and
               Viktor Szil{\'{a}}rd Simk{\'{o}} and
               M{\'{a}}ri{\'{o}} Bersenszki and
               Gergely Szabo and
               Lajos Kov{\'{a}}cs and
               Ferencz Kov{\'{a}}cs and
               Erik Szilveszter Varga},
  title     = {On the notion of number in humans and machines},
  journal = {CoRR},
  volume	= {abs/1906.12213},
  url = {http://arxiv.org/abs/1906.12213},
  year      = {2019}
}

@misc{ALBERT,
  author = {Albert Drag{\'a}lin and Szvetl{\'a}na Buz{\'a}si},
  title = {Bevezetés a matematikai logikába},
  publisher = {Kossuth Egyetemi Kiadó},
  year = {1996}
}

@book{RusselNorvig,
  author={Stuart Russell and Peter Norvig},
  edition = {Third},
  publisher = {Pearson Education},
  title = {Artificial Intelligence: A Modern Approach},
  year = {2010}
}

@book{Donald01,
  author = {Donald, Merlin},
  publisher = {Osiris Kiadó},
  title = {Az emberi gondolkodás eredete},
  year = {2001}
}

@article{STHEOR,
	author = {Norbert Bátfai},
	title = {A játékok és a mesterséges intelligencia mint a kultúra jövője – egy kísérlet a szubjektivitás elméletének kialakítására},
	journal = {Információs Társadalom},
	volume = {18},
	number = {2},
	url = {http://real.mtak.hu/82472/1/it_2018_2_2_batfai.pdf},
	year = {2018}
}

@book{Szendrei,
  author = {Szendrei, János},
  publisher = {Tankönyvkiadó},
  title = {Algebra és számelmélet},
  year = {1986}
}

